@inproceedings{Crandall:2005:DUV:1102120.1102152,
 author = {Crandall, Jedidiah R. and Su, Zhendong and Wu, S. Felix and Chong, Frederic T.},
 title = {On Deriving Unknown Vulnerabilities from Zero-day Polymorphic and Metamorphic Worm Exploits},
 booktitle = {Proceedings of the 12th ACM Conference on Computer and Communications Security},
 series = {CCS '05},
 year = {2005},
 isbn = {1-59593-226-7},
 location = {Alexandria, VA, USA},
 pages = {235--248},
 numpages = {14},
 url = {http://doi.acm.org/10.1145/1102120.1102152},
 doi = {10.1145/1102120.1102152},
 acmid = {1102152},
 publisher = {ACM},
 address = {New York, NY, USA},
 keywords = {honeypots, metamorphism, polymorphic worms, polymorphism, symbolic execution, worms},
} 

@inproceedings{Crandall:2012:HVS:2413296.2413309,
 author = {Crandall, Jedidiah R. and Oliveira, Daniela},
 title = {Holographic Vulnerability Studies: Vulnerabilities As Fractures in Interpretation As Information Flows Across Abstraction Boundaries},
 booktitle = {Proceedings of the 2012 Workshop on New Security Paradigms},
 series = {NSPW '12},
 year = {2012},
 isbn = {978-1-4503-1794-8},
 location = {Bertinoro, Italy},
 pages = {141--152},
 numpages = {12},
 url = {http://doi.acm.org/10.1145/2413296.2413309},
 doi = {10.1145/2413296.2413309},
 acmid = {2413309},
 publisher = {ACM},
 address = {New York, NY, USA},
 keywords = {information flow, layers of abstraction, tocttou, vulnerabilities},
} 

@inproceedings{Bozorgi:2010:BHL:1835804.1835821,
 author = {Bozorgi, Mehran and Saul, Lawrence K. and Savage, Stefan and Voelker, Geoffrey M.},
 title = {Beyond Heuristics: Learning to Classify Vulnerabilities and Predict Exploits},
 booktitle = {Proceedings of the 16th ACM SIGKDD International Conference on Knowledge Discovery and Data Mining},
 series = {KDD '10},
 year = {2010},
 isbn = {978-1-4503-0055-1},
 location = {Washington, DC, USA},
 pages = {105--114},
 numpages = {10},
 url = {http://doi.acm.org/10.1145/1835804.1835821},
 doi = {10.1145/1835804.1835821},
 acmid = {1835821},
 publisher = {ACM},
 address = {New York, NY, USA},
 keywords = {SVM, exploits, supervised learning, vulnerabilities},
} 

